@incollection{mcdiarmid1998concentration,
  title={Concentration},
  author={McDiarmid, Colin},
  booktitle={Probabilistic methods for algorithmic discrete mathematics},
  pages={195--248},
  year={1998},
  publisher={Springer}
}